@MISC{URL:GNUscout,
   title     = {{GNU Scout (Implementación en PHP)}},
   note      = { http://sourceforge.net/projects/gnuscout}
}

@MISC{URL:GitHub,
   title     = {{GitHub (Repositorio)}},
   note      = {https://github.com/Jalcubo/GScout}
}

@MISC{URL:OnlineScoutManager,
   title     = {{Online Scout Manager}},
   note      = {https://www.onlinescoutmanager.co.uk/}
}


@MISC{URL:Django,
   title     = {{Django Tutorials}},
   note      = {http://django.es/docs/intro/tutorial01/}
}


@MISC{URL:DjangoNonrel,
   title     = {{Django-nonrel con Google App Engine}},
   note      = {http://www.allbuttonspressed.com/projects/djangoappengine}
}

@MISC{URL:Aptana,
   title     = {{Aptana Studio 3 con Django}},
   note      = {http://blog.yawd.eu/2011/using-aptana-studio-3-ide-django-applications-simp/}
}

@MISC{URL:GAE,
   title     = {{Google App Engine}},
   note      = {https://developers.google.com/appengine/?hl=es}
}

@MISC{URL:GooglePlus,
   title     = {{Google Plus API}},
   note      = {https://developers.google.com/+/api/}
}

@MISC{URL:GoogleDrive,
   title     = {{Google Plus SDK}},
   note      = {https://developers.google.com/drive/}
}

@MISC{URL:jQuery,
   title     = {{jQuery}},
   note      = {http://jquery.com/}
}

@MISC{URL:JavaScript,
   title     = {{JavaScript Tutorial}},
   note      = {http://www.w3schools.com/js/}
}

@MISC{URL:Bootstrap,
   title     = {{Bootstrap}},
   note      = {http://twitter.github.io/bootstrap/}
}

@MISC{URL:CSS,
   title     = {{Hojas de estilo CSS}},
   note      = {http://www.w3schools.com/css/}
}

@MISC{URL:Pylint,
   title     = {{Pylint Tutorial}},
   note      = {http://docs.pylint.org/tutorial.html}
}

@MISC{URL:Pymetrics,
   title     = {{Pymetrics Tutorial}},
   note      = {http://mindref.blogspot.com.es/2010/06/python-pymetrics.html}
}

@MISC{URL:GAEvideo,
   title     = {{Django-nonrel con GAE Tutorial (Vídeo)}},
   note      = {http://www.youtube.com/watch?v=\_NHX8HsCuJ4}
}

@MISC{URL:GAEcodigo,
   title     = {{Django-nonrel con GAE Tutorial (Código)}},
   note      = {http://djangosnippets.org/snippets/1003/}
}

@MISC{URL:GoogleAccounts,
   title     = {{Google Accounts}},
   note      = {https://developers.google.com/appengine/docs/python/users/?hl=es}
}

@MISC{URL:DatosPlus1,
   title     = {{Obtener datos de Google PLus (1)}},
   note      = {https://developers.google.com/+/api/latest/people/get}
}

@MISC{URL:DatosPlus2,
   title     = {{Obtener datos de Google PLus (2)}},
   note      ={https://developers.google.com/api-client-library/python/start/get\_started}

}

@MISC{URL:DatosPlus3,
   title     = {{Obtener datos de Google PLus (3)}},
   note      ={http://stackoverflow.com/questions/10423321/how-to-view-redirect-to-google-plus-user-profile-using-django-social-auth}

}

@MISC{URL:Filtros,
   title     = {{Filtros y ordenación de tablas}},
   note      ={http://mottie.github.com/tablesorter/docs/example-widget-bootstrap-theme.html}

}

@MISC{URL:AddRemoveRow,
   title     = {{Añadir/Eliminar filas en una tabla con JavaScript}},
   note      ={http://viralpatel.net/blogs/dynamically-add-remove-rows-in-html-table-using-javascript/}

}


@MISC{URL:ExportCSV,
   title     = {{Exportar QuerySet a CSV}},
   note      ={http://www.djangofoo.com/189/export-queryset-to-csv}

}

@MISC{URL:ImportCSV,
   title     = {{Importar un archivo CSV en un modelo de Django}},
   note      ={http://django.es/blog/como-importar-un-archivo-csv-tsv-en-modelo-de-django/}

}

@MISC{URL:Upload,
   title     = {{Subida de Archivos a la Aplicación}},
   note      ={http://stackoverflow.com/questions/5871730/need-a-minimal-django-file-upload-example}

}

@MISC{URL:tablesorterRangos,
   title     = {{Implementación de filtrar por rango de fechas en el Tablesorter}},
   note      ={http://mottie.github.io/tablesorter/docs/example-widget-filter-formatter-1.html}

}

@MISC{URL:comparacion,
   title     = {{Comparación de fechas en Python}},
   note      ={http://stackoverflow.com/questions/1831410/python-time-comparison}

}

@MISC{URL:Python,
   title     = {{Python}},
   note      ={http://www.python.org/}

}
@MISC{URL:PEP8,
   title     = {{PEP-8. Guía de estilo para códigos en Python}},
   note      ={http://www.python.org/dev/peps/pep-0008/}

}

@MISC{URL:McCabe,
   title     = {{Complejidad Ciclomática de McCabe}},
   note      ={http://cnx.org/content/m17455/latest/}

}

